@article{ChScTe:13,
  title={{F}inite {E}lement {E}rror {A}nalysis of {E}lliptic {PDE}s with {R}andom {C}oefficients and {I}ts {A}pplication to {M}ultilevel {M}onte {C}arlo {M}ethods},
  author={Charrier, J. and Scheichl, R. and Teckentrup, A.~L.},
  journal={SIAM J. Numer. Anal.},
  volume={51},
  number={1},
  pages={322--352},
  year={2013},
  doi={10.1137/110853054},
  publisher={SIAM}
}

@book{LoPoSh:14,
  title={{A}n {I}ntroduction to {C}omputational {S}tochastic {PDE}s},
  author={Lord, G.~J. and Powell, C.~E. and Shardlow, T.},
  editor={Ablowitz, M.~J. and Davis, S.~H. and Hinch, E.~J. and Iserles, A. and Ockendon, J. and Olver, P.~J.},
  year={2014},
  series={Cambridge Texts Appl. Math.},
    address={New York},
    doi={10.1017/CBO9781139017329},
  publisher={Cambridge University Press}
}

@book{Bo:07,
  title={{M}easure {T}heory},
  author={Bogachev, V.~I.},
  year={2007},
    address={Berlin Heidelberg},
    doi={10.1007/978-3-540-34514-5},
  publisher={Springer}
}

@book{DiUh:77,
  title={{V}ector {M}easures},
  author={Diestel, J. and {Uhl, Jr.}, J.~J.},
  year={1977},
  series={Math. Surveys Monogr.},
  volume={15},
    address={Providence, RI},
    doi={10.1090/surv/015},
  publisher={American Mathematical Society}
}

@book{Ry:02,
  title={{I}ntroduction to {T}ensor {P}roducts of {B}anach {S}paces},
  author={Ryan, R.~A.},
  series={Springer Monogr. Math.},
  year={2002},
    address={London},
    doi={10.1007/978-1-4471-3903-4},
  publisher={Springer-Verlag}
}

@book{Mu:00,
  title={{T}opology},
  author={Munkres, J.~R.},
  edition={2nd},
  year={2000},
  publisher={Prentice Hall}
}
@article{BaTeZo:04,
  title={{G}alerkin {F}inite {E}lement {A}pproximations of {S}tochastic {E}lliptic {P}artial {D}ifferential {E}quations},
  author={Babu{\v{s}}ka, I. and Tempone, R. and Zouraris, G.~E.},
  journal={SIAM J. Numer. Anal.},
  volume={42},
  number={2},
  pages={800--825},
  year={2004},
  doi={10.1137/S0036142902418680},
  publisher={SIAM}
}

@article{BaNoTe:07,
  title={{A} {S}tochastic {C}ollocation {M}ethod for {E}lliptic {P}artial {D}ifferential {E}quations with {R}andom {I}nput {D}ata},
  author={Babu{\v{s}}ka, I. and Nobile, Fabio and Tempone, Raul~F.},
journal = {{SIAM} {J}ournal on {N}umerical {A}nalysis},
  volume={45},
  number={3},
  pages={1005--1034},
  year={2007},
  doi={10.1137/050645142},
  publisher={SIAM}
}

@article{FeLiLo:15,
  title={{A}n {E}fficient {N}umerical {M}ethod for {A}coustic {W}ave {S}cattering in {R}andom {M}edia},
  author={Feng, X. and Lin, J. and Lorton, C.},
  journal={SIAM/ASA J. Uncertain. Quantif.},
  volume={3},
  number={1},
  pages={790--822},
  year={2015},
  doi={10.1137/140958232},
  publisher={SIAM}
}

@article{Gi:10,
  title={{S}tochastic {G}alerkin discretization of the log-normal isotropic diffusion problem},
  author={Gittelson, C.~J.},
  journal={Math. Models Methods Appl. Sci.},
  volume={20},
  number={02},
  pages={237--263},
  year={2010},
  doi={10.1142/S0218202510004210},
  publisher={World Scientific}
}

@article{GaLi:87,
  title={{U}nique {C}ontinuation for {E}lliptic {O}perators: {A} {G}eometric-{V}ariational {A}pproach},
  author={Garofalo, N. and Lin, F.-H.},
  journal={Comm. Pure Appl. Math.},
  volume={40},
  number={3},
  pages={347--366},
  year={1987},
  doi={10.1002/cpa.3160400305},
  publisher={Wiley Online Library}
}

@article{GrPeSp:18,
   author = {{Graham}, I.~G. and {Pembery}, O.~R. and {Spence}, E.~A.},
    title = {{T}he {H}elmholtz equation in heterogeneous media: a priori bounds, well-posedness, and resonances},
    journal = {J. Differential Equations},
    volume={266},
        number={6},
    pages={2869-2923},
    doi={10.1016/j.jde.2018.08.048},
      year = {2019}
     }
@article{ChSpGiSm:17,
  author={Chandler-Wilde, S.~N. and Spence, E.~A. and Gibbs, A. and Smyshlyaev, V.~P.},
  title={{H}igh-frequency bounds for the {H}elmholtz equation under parabolic trapping and applications in numerical analysis},
  eprint = {1708.08415},
  eprintclass = {math.AP},
  journal={preprint},
  year={2017},
  month = {aug}
}

@book{Ha:74,
  title={{M}easure {T}heory},
  author={Halmos, P.~R.},
  editor={Halmos, P.~R. and Moore, C.~C.},
  series={Grad. Texts in Math.},
  volume={18},
  year={1974},
  doi={10.1007/978-1-4684-9440-2},
address={New York},
  publisher={Springer Science+Business Media}
}

@book{Do:94,
title={{M}easure {T}heory},
author={Doob, J.~L.},
ediitor={Axler, S. and Gehring, F.~W. and Halmos, P.~R.},
series={Grad. Texts in Math.},
volume={143},
year={1994},
address={New York},
doi={10.1007/978-1-4612-0877-8},
publisher={Springer-Verlag}
}

@article{Si:86,
  title={{C}ompact {S}ets in the {S}pace ${L}^p(0, {T}; {B})$},
  author={Simon, J.},
  journal={Ann. Mat. Pura Appl.},
  volume={146},
  number={1},
  pages={65--96},
  year={1986},
  doi={10.1007/BF01762360},
  publisher={Springer}
}
@article{BuGh:14,
	  title={{A}n {A}nalysis of {I}nfinite {D}imensional {B}ayesian {I}nverse {S}hape {A}coustic {S}cattering and {I}ts {N}umerical {A}pproximation},
  author={Bui-Thanh, T. and Ghattas, O.},
  journal={SIAM/ASA J. Uncertain. Quantif.},
  volume={2},
  number={1},
  pages={203--222},
  year={2014},
  doi={10.1137/120894877},
  publisher={SIAM}
}
@article{HiScScSc:15,
  title={{L}arge deformation shape uncertainty quantification in acoustic scattering},
    author = {Hiptmair, R. and Scarabosio, L. and Schillings, C. and Schwab, C.},
  journal={Adv. Comput. Math.},
  volume={44},
number={5},
pages={1475-1518},
  year={2018},
  doi={10.1007/s10444-018-9594-8}
}
@book{EvGa:92,
  title={{M}easure {T}heory and {F}ine {P}roperties of {F}unctions},
  author={Evans, L.~C. and Gariepy, R.~F.},
  year={1992},
  series={Stud. Adv. Math.},
  address={Boca Raton, FL},
  publisher={CRC Press}
}
@book{BaBu:91,
  title={{S}hort-{W}avelength {D}iffraction {T}heory: {A}symptotic {M}ethods},
  author={Babich, V.~M. and Buldyrev, V.~S.},
  year={1991},
  series={Springer Ser. Wave Phenomena},
  address={Berlin},
  publisher={Springer-Verlag}
}
@article{Ra:71,
  title={{T}rapped {R}ays in {S}pherically {S}ymmetric {M}edia and {P}oles of the {S}cattering {M}atrix},
  author={Ralston, J.~V.},
  journal={Comm. Pure Appl. Math.},
  volume={24},
  number={4},
  pages={571--582},
  year={1971},
  doi={10.1002/cpa.3160240408},
  publisher={Wiley Online Library}
}
@book{Ih:98,
  title={{F}inite {E}lement {A}nalysis of {A}coustic {S}cattering},
  author={Ihlenburg, F.},
  series={Appl. Math. Sci.},
  editor={Marsden, J.~E. and Sirovich, L.},
  volume={132},
  year={1998},
  doi={10.1007/b98828},
  address={New York},
  publisher={Springer-Verlag}
}

@article{Al:12,
  title={{S}trong unique continuation for general elliptic equations in 2D},
  author={Alessandrini, G.},
  journal={J. Math. Anal. Appl.},
  volume={386},
  number={2},
  pages={669--676},
  year={2012},
  doi={10.1016/j.jmaa.2011.08.029},
  publisher={Elsevier}
}
@article{Ka:88,
  title={{U}nique {C}ontinuation in {G}eometry},
  author={Kazdan, J.~L.},
  journal={Comm. Pure Appl. Math.},
  volume={41},
  number={5},
  pages={667--681},
  doi={10.1002/cpa.3160410508},
  year={1988},
  publisher={Wiley Online Library}
}
@article{JeKe:85,
 author={Jerison, D. and Kenig, C.~E.},
  title={{U}nique continuation and absence of positive eigenvalues for {S}chr\"odinger operators},
  journal={Ann. of Math.},
  volume={121},
  number={3},
  pages={463--488},
  doi={10.2307/1971205},
  year={1985},
  publisher={JSTOR}
}
@article{Wo:92,
  title={{A} property of measures in {$\RRN$} and an application to unique continuation},
  author={Wolff, T.~H.},
  journal={Geom. Funct. Anal.},
    volume={2},
  number={2},
  pages={225--284},
  doi={10.1007/BF01896975},
  year={1992},
  publisher={Birkh\"{a}user--Verlag}
}
@article{ChMo:08,
	Author = {Chandler-Wilde, S.~N. and Monk, P.},
	Date-Modified = {2010-03-06 21:10:54 +0000},
	Journal = {SIAM J. Math. Anal.},
	Number = {5},
	Pages = {1428--1455},
	Title = {{W}ave-{N}umber-{E}xplicit {B}ounds in {T}ime-{H}armonic {S}cattering},
	doi={10.1137/060662575},
	Volume = {39},
	Year = {2008}
	}
	
	@book{Ne:01,
  title={{A}coustic and {E}lectromagnetic {E}quations: {I}ntegral {R}epresentations for {H}armonic {P}roblems},
  author={N{\'e}d{\'e}lec, J.~C.},
  series={Appl. Math. Sci.},
  volume={144},
  editor={Marsden, J.~E. and Sirovich, L.},
  year={2001},
  doi={10.1007/978-1-4757-4393-7},
  address={New York},
  publisher={Springer Science+Business Media}
}
@article{MeSa:10,
  title={{C}onvergence analysis for finite element discretizations of the {H}elmholtz equation with {D}irichlet-to-{N}eumann boundary conditions},
  author={Melenk, J.~M. and Sauter, S.},
  journal={Math. Comp.},
  volume={79},
  number={272},
  doi={10.1090/S0025-5718-10-02362-8},
  pages={1871--1914},
  year={2010}
}
@article{BaSpWu:16,
  title={{S}harp {H}igh-{F}requency {E}stimates for the {H}elmholtz {E}quation and {A}pplications to {B}oundary {I}ntegral {E}quations},
  author={Baskin, D. and Spence, E.~A. and Wunsch, J.},
  journal={SIAM J. Math. Anal.},
  volume={48},
  number={1},
  pages={229--267},
  doi={10.1137/15M102530X},
  year={2016},
  publisher={SIAM}
}
@book{Mc:00,
  title={{S}trongly {E}lliptic {S}ystems and {B}oundary {I}ntegral {E}quations},
  author={McLean, W.~C.~H.},
  year={2000},
  publisher={Cambridge University Press}
}
@article{JeScZe:17,
  title={{E}lectromagnetic wave scattering by random surfaces: {S}hape holomorphy},
  author={Jerez-Hanckes, C. and Schwab, C. and Zech, J.},
  journal={Math. Models Methods Appl. Sci.},
  volume={27},
  number={12},
  pages={2229--2259},
  doi={10.1142/S0218202517500439},
  year={2017},
  publisher={World Scientific}
}
@article{JeSc:16,
  title={{E}lectromagnetic wave scattering by random surfaces: uncertainty quantification via sparse tensor boundary elements},
  author={Jerez-Hanckes, C. and Schwab, C.},
  journal={IMA J. Numer. Anal.},
  volume={37},
  number={3},
  pages={1175--1210},
  doi={10.1093/imanum/drw031},
  year={2016},
  publisher={Oxford University Press}
}
@article{Bu:98,
  title={{D}{\'e}croissance de l'{\'e}nergie locale de l'{\'e}quation des ondes pour le probl{\`e}me ext{\'e}rieur et absence de r{\'e}sonance au voisinage du r{\'e}el},
  author={Burq, N.},
  journal={Acta Math.},
  volume={180},
  number={1},
  pages={1--29},
  doi={10.1007/BF02392877},
  year={1998},
  publisher={Springer}
}
@article{Be:03a,
  title={{C}arleman estimates and distribution of resonances for the transparent obstacle and application to the stabilization},
  author={Bellassoued, M.},
  journal={Asymptot. Anal.},
  volume={35},
  number={3--4},
  pages={257--279},
  year={2003},
  publisher={IOS Press}
}
@article{NoTeWe:08a,
  title={{A} {S}parse {G}rid {S}tochastic {C}ollocation {M}ethod for {P}artial {D}ifferential {E}quations with {R}andom {I}nput {D}ata},
  author={Nobile, F. and Tempone, R. and Webster, C.~G.},
  journal={SIAM J. Numer. Anal.},
  volume={46},
  number={5},
  pages={2309--2345},
  doi={10.1137/060663660},
  year={2008},
  publisher={SIAM}
}
@article{Ch:12,
  title={{S}trong and {W}eak {E}rror {E}stimates for {E}lliptic {P}artial {D}ifferential {E}quations with {R}andom {C}oefficients},
  author={Charrier, J.},
  journal={SIAM J. Numer. Anal.},
  volume={50},
  number={1},
  pages={216--246},
  doi={10.1137/100800531},
  year={2012},
  publisher={SIAM}
}
@article{KuNu:16,
  title={{A}pplication of {Q}uasi-{M}onte {C}arlo {M}ethods to {E}lliptic {PDE}s with {R}andom {D}iffusion {C}oefficients: {A} {S}urvey of {A}nalysis and {I}mplementation},
  author={Kuo, F.~Y. and Nuyens, D.},
  journal={Found. Comput. Math.},
  volume={16},
  number={6},
  pages={1631--1696},
  doi={10.1007/s10208-016-9329-5},
  year={2016},
  publisher={Springer}
}
@article{PoVo:99a,
  title={{D}istribution of the resonances and local energy decay in the transmission problem},
  author={Popov, G. and Vodev, G.},
  journal={Asymptot. Anal.},
  volume={19},
  number={3--4},
  pages={253--265},
  year={1999},
  publisher={IOS Press}
}
@article{CaPo:02,
  title={{Q}uasimodes with exponentially small errors associated with
elliptic periodic rays},
  author={Cardoso, F. and Popov, G.},
  journal={Asymptot. Anal.},
  volume={30},
  number={3--4},
  pages={217--247},
  year={2002},
  publisher={IOS Press}
}
@article{DiKuLeSc:16,
  title={{M}ultilevel {H}igher {O}rder {QMC} {P}etrov--{G}alerkin {D}iscretization for {A}ffine {P}arametric {O}perator {E}quations},
  author={Dick, J. and Kuo, F.~Y. and Le Gia, Q.~T. and Schwab, C.},
  journal={SIAM J. Numer. Anal.},
  volume={54},
  number={4},
  pages={2541--2568},
  doi={10.1137/16M1078690},
  year={2016},
  publisher={SIAM}
}
@article{HeLaSc:18,
  title={{N}umerical analysis of lognormal diffusions on the sphere},
  author={Herrmann, L. and Lang, A. and Schwab, C.},
  journal={Stoch. Partial Differ. Equ. Anal. Comput.},
  volume={6},
  number={1},
  pages={1--44},
  doi={10.1007/s40072-017-0101-x},
  year={2018},
  publisher={Springer}
}
@article{XiHe:05,
  title={{H}igh-{O}rder {C}ollocation {M}ethods for {D}ifferential {E}quations with {R}andom {I}nputs},
  author={Xiu, D. and Hesthaven, J.~S.},
  journal={SIAM J. Sci. Comput.},
  volume={27},
  number={3},
  pages={1118--1139},
  doi={10.1137/040615201},
  year={2005},
  publisher={SIAM}
}
@article{GuWeZh:14,
  title={{S}tochastic finite element methods for partial differential equations with random input data},
  author={Gunzburger, M.~D. and Webster, C.~G. and Zhang, G.},
  journal={Acta Numer.},
  volume={23},
  pages={521--650},
  doi={10.1017/S0962492914000075},
  year={2014},
  publisher={Cambridge University Press}
  }
  @article{ChGrLaSp:12,
  title={{N}umerical-asymptotic boundary integral methods in high-frequency acoustic scattering},
  author={Chandler-Wilde, S.~N. and Graham, I.~G. and Langdon, S. and Spence, E.~A.},
  journal={Acta Numer.},
  volume={21},
  number={1},
  doi={10.1017/S0962492912000037},
  pages={89--305},
  year={2012},
  publisher={Cambridge Univ Press}
}
@article{PoVo:99,
  title={{R}esonances {N}ear the {R}eal {A}xis for {T}ransparent {O}bstacles},
  author={Popov, G. and Vodev, G.},
  journal={Communications in Mathematical Physics},
  volume={207},
  number={2},
  pages={411--438},
  doi={10.1007/s002200050731},
  year={1999},
  publisher={Springer}
  }
@article{BaScZo:11,
  title={{M}ulti-level {M}onte {C}arlo {F}inite {E}lement method for elliptic {PDE}s with stochastic coefficients},
  author={Barth, A. and Schwab, C. and Zollinger, N.},
  journal={Numer. Math.},
  volume={119},
  number={1},
  pages={123--161},
  doi={10.1007/s00211-011-0377-0},
  year={2011},
  publisher={Springer}
}
@article{KhSc:11	,
  title={{T}ensor-{S}tructured {G}alerkin {A}pproximation of {P}arametric and {S}tochastic {E}lliptic {PDE}s},
  author={Khoromskij, B.~N. and Schwab, C.},
  journal={SIAM J. Sci. Comput.},
  volume={33},
  number={1},
  pages={364--385},
  doi={10.1137/100785715},
  year={2011},
  publisher={SIAM}
}
@article{Ul:10,
  title={{A} {K}ronecker {P}roduct {P}reconditioner for {S}tochastic {G}alerkin {F}inite {E}lement {D}iscretizations}},
  author={Ullmann, E.},
  journal={SIAM J. Sci. Comput.},
  volume={32},
  number={2},
  pages={923--946},
  doi={10.1137/080742853},
  year={2010},
  publisher={SIAM}
}
@article{Xu:07,
  title={{A} multiscale stochastic finite element method on elliptic problems involving uncertainties},
  author={Xu, X.~F.},
  journal={Comput. Methods Appl. Mech. Engrg.},
  volume={196},
  number={25--28},
  pages={2723--2736},
  doi={10.1016/j.cma.2007.02.002},
  year={2007},
  publisher={Elsevier}
}
@book{Gr:85,
    author    = "Grisvard, P.",
    title     = "{E}lliptic {P}roblems in {N}onsmooth {D}omains",
    publisher = "Pitman",
    address  = "Boston",
    year      = "1985"
}
@article{GrSa:18,
  title={{S}tability and error analysis for the {H}elmholtz equation with variable coefficients},
  author={Graham, I.~G. and Sauter, S.~A.},
  eprint = {1803.00966},
  eprintclass = {math.NA},
  year={2018},
    journal={preprint},
  month = {mar}
}
@article{FeLo:17,
  title={{A}n efficient {M}onte {C}arlo interior penalty discontinuous {G}alerkin method for elastic wave scattering in random media},
  author={Feng, X. and Lorton, C.},
  journal={Comput. Methods Appl. Mech. Engrg.},
  volume={315},
  pages={141--168},
  doi={10.1016/j.cma.2016.10.036},
  year={2017},
  publisher={Elsevier}
}
@book{SaSc:11,
  title={{B}oundary {E}lement {M}ethods},
  author={Sauter, S.~A. and Schwab, C.},
series={Springer Ser. Comput. Math.},
  year={2011},
  volume={39},
  editor={Bank, R. and Graham, R.~L. and Stoer, J. and Varga, R. and Yserentant, H.},
  doi={10.1007/978-3-540-68093-2},
  address={Berlin Heidelberg},
  publisher={Springer-Verlag}
}
@article{BeChGrLaLi:11,
  title={{C}ondition number estimates for combined potential integral operators in acoustics and their boundary element discretisation},
  author={Betcke, T. and Chandler-Wilde, S.~N. and Graham, I.~G. and Langdon, S. and Lindner, M.},
  journal={Numer. Methods for Partial Differential Equations},
  volume={27},
  number={1},
  doi={10.1002/num.20643},
  pages={31--69},
  year={2011},
}
@article{MoSp:17,
  title={{A}coustic transmission problems: wavenumber-explicit bounds and resonance-free regions},
  author={Moiola, A. and Spence, E.~A.},
  journal={Math. Models Methods Appl. Sci.},
  year={2019},
  doi={10.1142/S0218202519500106},
volume={29},
number={2},
pages={317-354}
}

@article{MeSj:78,
  title={{S}ingularities of {B}oundary {V}alue {P}roblems. {I}},
  author={Melrose, R.~B. and Sj{\"o}strand, J.},
  journal={Comm. Pure Appl. Math.},
  volume={31},
  number={5},
  pages={593--617},
  doi={10.1002/cpa.3160310504},
  year={1978},
  publisher={Wiley Online Library}
}
@article{Va:75,
  title={{O}n the short wave asymptotic behaviour of solutions of
stationary problems and the asymptotic behaviour as $t\rightarrow
\infty$ of solutions of non-stationary problems},
  author={Vainberg, B.~R.},
  journal={Russian Math. Surveys},
  volume={30},
  number={2},
  pages={1--58},
  doi={10.1070/RM1975v030n02ABEH001406},
  year={1975},
}
@article{Mo:75,
  title={{D}ecay for {S}olutions of the {E}xterior {P}roblem for the {W}ave {E}quation},
  author={Morawetz, C.~S.},
  journal={Comm. Pure Appl. Math.},
  volume={28},
  number={2},
  pages={229--264},
  doi={10.1002/cpa.3160140327},
  year={1975},
}
@article{Bu:02,
author={Burq, N.},
  title={{S}emi-{C}lassical estimates for the {R}esolvent in {N}ontrapping {G}eometries},
  journal={Int. Math. Res. Not. IMRN},
  volume={2002},
  number={5},
  pages={221--241},
  year={2002},
  doi={10.1155/S1073792802103059},
  publisher={Oxford University Press}
}
@article{TeJaWeGu:15,
 author={Teckentrup, A.~L. and Jantsch, P. and Webster, C.~G. and Gunzburger, M.},
  title={{A} {M}ultilevel {S}tochastic {C}ollocation {M}ethod for {P}artial {D}ifferential {E}quations with {R}andom {I}nput {D}ata},
  journal={SIAM/ASA J. Uncertain. Quantif.},
  volume={3},
  number={1},
  pages={1046--1074},
  year={2015},
  doi={10.1137/140969002},
  publisher={SIAM}
}
@Book{Lo:77,
  title={{P}robability {T}heory {I}},
  author={Lo\`eve, M.},
  ediitor={Gehring, F.~W. and Halmos, P.~R. and Moore, C.~C.},
series={Grad. Texts in Math.},
  volume={45},
  year={1977},
  edition={4th},
  doi={10.1007/978-1-4684-9464-8},
  address={New York Heidelberg Berlin},
  publisher={Springer-Verlag}
}
@book{Wi:70,
  title={{G}eneral {T}opology},
  author={Willard, S.},
  year={1970},
  address={Reading, Massachusetts},
  publisher={Addison--Wesley}
}
@article{MuSt:11,
  title={{O}n elliptic partial differential equations with random coefficients},
  year={2011},
  author={Mugler, A. and Starkloff, H.-J.},
  journal={Stud. Univ. Babe\c{s}--Bolyai Math.},
  volume={56},
  number={2},
pages={473-487}
}
@phdthesis{Ch:15,
  title={{A}pproximation par \'{e}l\'{e}ments finis de probl\`{e}mes d'{H}elmholtz pour la propagation d'ondes
sismiques},
  author={Chaumont Frelet, T.},
  year={2015},
  school={INSA Rouen}
}
@book{FoGaPaSo:07,
  title={{W}ave {P}ropagation and {T}ime {R}eversal in {R}andomly {L}ayered {M}edia},
  author={Fouque, J.-P. and Garnier, J. and Papanicolaou, G. and S{\o}lna, K.},
  volume={56},
  year={2007},
  doi={10.1007/978-0-387-49808-9},
  series={Stochastic Model. Appl. Probab.},
  editor={Rozovskii, B. and Grimmett, G.},
  address={New York},
  publisher={Springer Science+Business Media}
}
@article{GaHa:15,
  title={{A} {H}igh {P}erformance {C}omputing and {S}ensitivity {A}nalysis {A}lgorithm for {S}tochastic {M}any-{P}article {W}ave {S}cattering},
  author={Ganesh, M. and Hawkins, S.~C.},
  journal={SIAM J. Sci. Comput.},
  volume={37},
  number={3},
  pages={A1475--A1503},
  doi={10.1137/140996069},
  year={2015},
  publisher={SIAM}
}
@article{TsXiYi:11,
  title={{F}ast method for high-frequency acoustic scattering from random scatterers},
  author={Tsuji, P. and Xiu, D. and Ying, L.},
  journal={Int. J. Uncertain. Quantif.},
  volume={1},
  number={2},
  year={2011},
  publisher={Begel House Inc.}
}
@article{XiSh:07,
  title={{A}n {E}fficient {S}pectral {M}ethod for {A}coustic {S}cattering from {R}ough {S}urfaces},
  author={Xiu, D. and Shen, J.},
  journal={Commun. Comput. Phys},
  volume={2},
  number={1},
  pages={54--72},
  doi={10.1615/Int.J.UncertaintyQuantification.v1.i2.10},
  year={2007}
}
@article{FeLiNi:18,
  title={{A}n {E}fficient {M}onte {C}arlo-{T}ransformed {F}ield {E}xpansion {M}ethod for {E}lectromagnetic {W}ave {S}cattering by {R}andom {R}ough {S}urfaces},
  author={Feng, X. and Lin, J. and Nicholls, D.~P.},
  journal={Commun. Comput. Phys},
  volume={23},
  number={3},
  pages={685--705},
  doi={10.4208/cicp.OA-2017-004},
  year={2018}
}
@article{BaCaHaZh:18,
author={Bao, G. and Cao, Y. and Hao, Y. and Zhang, K.},
title={{A} {R}obust {N}umerical {M}ethod for the {R}andom {I}nterface {G}rating {P}roblem via {S}hape {C}alculus, {W}eak {G}alerkin {M}ethod, and {L}ow-{R}ank {A}pproximation},
  journal={J. Sci. Comput.},
  doi={10.1007/s10915-018-0712-z},
year={to appear}
}
@article{LiWaZh:18,
title={{A}n efficient alternating direction method of multipliers for optimal control problems constrained by random {H}elmholtz equations},
author={Li, J. and Wang, X. and Zhang, K.},
journal={Numer. Algorithms},
volume={78},
number={1},
pages={161-191},
doi={10.1007/s11075-017-0371-4},
year={2018}
}
@book{Du:02,
  title={{R}eal {A}nalysis and {P}robability},
  author={Dudley, R.~M.},
  year={2002},
  series={Cambridge Stud. Adv. Math.},
    doi={10.1017/CBO9780511755347},
  publisher={Cambridge University Press}
}
@MISC {El:11,
    TITLE = {{M}easurable functions with values in {B}anach spaces},
    AUTHOR = {Eldredge, N.},
    HOWPUBLISHED = {Mathematics Stack Exchange},
    URL = {https://math.stackexchange.com/q/18086}
}
@article{GaSpWu:18,
  title={{O}ptimal constants in nontrapping resolvent estimates and applications in numerical analysis},
  author={Galkowski, J. and Spence, E. A. and Wunsch, J.},
  eprint = {1810.13426},
  eprintclass = {math.AP},
  year={2018},
    journal={preprint},
  month = {nov}
  }
  @article{KaPo:18,
		  title={{U}ncertainty {Q}uantification for {L}ow-{F}requency, {T}ime-{H}armonic {M}axwell {E}quations with {S}tochastic {C}onductivity {M}odels},
  author={Kamilis, D. and Polydorides, N.},
  journal={SIAM/ASA J. Uncertain. Quantif.},
  volume={6},
  number={4},
  pages={1295--1334},
  year={2018},
  doi={10.1137/17M1156010},
  publisher={SIAM}
}