@article{FeLiLo:15,
  title={{A}n {E}fficient {N}umerical {M}ethod for {A}coustic {W}ave {S}cattering in {R}andom {M}edia},
  author={Feng, Xiaobing H. and Lin, Junshan and Lorton, Cody},
  journal={SIAM/ASA Journal on Uncertainty Quantification},
  volume={3},
  number={1},
  pages={790--822},
  year={2015},
  doi={10.1137/140958232},
  publisher={SIAM}
}